<?xml version="1.0" encoding="UTF-8"?><collection xmlns="http://www.loc.gov/MARC21/slim"><record><leader>00506nam--2200169-u-4500</leader><controlfield tag="001">000050396</controlfield><controlfield tag="002">20161230</controlfield><controlfield tag="005">20161230201048</controlfield><controlfield tag="008">070223s1000------------r-----000-0-eng-d</controlfield><datafield ind1=" " ind2=" " tag="040"><subfield code="a">IFIN-HH</subfield></datafield><datafield ind1="1" ind2=" " tag="100"><subfield code="a">Budker, Dmitry</subfield></datafield><datafield ind1="1" ind2="0" tag="245"><subfield code="a">Atomic physics</subfield><subfield code="b">An exploration through problems and solutions</subfield><subfield code="c">Dmitry budker; derek f. kimball; david p. demille</subfield></datafield><datafield ind1=" " ind2=" " tag="260"><subfield code="a">Oxford</subfield><subfield code="b">Oxford University Press</subfield><subfield code="c">2004</subfield></datafield><datafield ind1=" " ind2=" " tag="300"><subfield code="a">441P</subfield></datafield><datafield ind1="1" ind2=" " tag="700"><subfield code="a">Demille, David P</subfield></datafield><datafield ind1=" " ind2=" " tag="852"><subfield code="a">81671</subfield><subfield code="c">539</subfield></datafield><datafield ind1=" " ind2=" " tag="CAT"><subfield code="a">Sys</subfield><subfield code="c">20110105</subfield><subfield code="h">152041</subfield></datafield></record></collection>